<?xml version="1.0" encoding="UTF-8"?><collection xmlns="http://www.loc.gov/MARC21/slim"><record><leader>00406nam--2200133-i-4500</leader><controlfield tag="001">000011759</controlfield><controlfield tag="002">20161230</controlfield><controlfield tag="005">20161230201029</controlfield><controlfield tag="008">060222s1000------------r-----000-0-eng-d</controlfield><datafield ind1=" " ind2=" " tag="080"><subfield code="a">519.2(083.7) : 658.562 (083.7)</subfield></datafield><datafield ind1=" " ind2=" " tag="245"><subfield code="a">Controlul statistic al calitatii produselor colectie de standarde</subfield></datafield><datafield ind1=" " ind2=" " tag="260"><subfield code="a">Bucuresti, Editura Tehnica, 1976</subfield></datafield><datafield ind1=" " ind2=" " tag="490"><subfield code="a">Biblioteca Standardizarii. Seria Tehnica</subfield></datafield><datafield ind1=" " ind2=" " tag="852"><subfield code="a">43539</subfield></datafield></record></collection>